% -*- latex -*-
%
% $Id: intro-refs.bib,v 1.1 2001/12/13 17:30:48 mchasal Exp $
%
% $COPYRIGHT$
%

@Misc{SIS, 
    author  =  "SIS",
    note    =  {http://sisuite.org}
}

@Misc{SI, 
    author  =  "SystemImager",
    note    =  {http://systemimager.org}
}


@Misc{C3, 
    author  =  "C3",
    note    =  {http://www.epm.ornl.gov/torc/C3/}
}

@Misc{OpenPBS,
    author  =  "www.OpenPBS.org",
    title   =  "The {P}ortable {B}atch {S}ystem {S}oftware {(PBS v2.2p13)}",
    year    =  "2000",
    month   =  mar,
    note    =  "Veridian, PBS Products Dept., Mountain View, CA"
}


@Misc{mpich, 
    author  =  "MPICH",
    note    =  {http://www-unix.mcs.anl.gov/mpi/}
}


@Misc{lam, 
    author  =  "LAM/MPI",
    note    =  {http://www.lam-mpi.org/}
}


@Misc{PVM, 
    author  =  "PVM",
    note    =  {http://www.epm.ornl.gov/pvm/}
}


@Misc{MAUI,
    author  =  "Maui scheduler",
    note    =  {http://mauischeduler.sourceforge.net/}
}


@Misc{OpenSSH,
    author  =  "OpenSSH",
    note    =  {http://www.openssh.com/}
}
